@article{huber1964,
  author  = {Huber, Peter J.},
  title   = {Robust Estimation of a Location Parameter},
  journal = {Annals of Mathematical Statistics},
  volume  = {35},
  number  = {1},
  pages   = {73--101},
  year    = {1964},
  doi     = {10.1214/aoms/1177703732}
}

@book{huber2009,
  author    = {Huber, Peter J. and Ronchetti, Elvezio M.},
  title     = {Robust Statistics},
  edition   = {2nd},
  publisher = {Wiley},
  year      = {2009},
  isbn      = {978-0-470-12990-6}
}

@book{hampel2011,
  author    = {Hampel, Frank R. and Ronchetti, Elvezio M. and Rousseeuw, Peter J. and Stahel, Werner A.},
  title     = {Robust Statistics: The Approach Based on Influence Functions},
  publisher = {Wiley},
  year      = {2011},
  isbn      = {978-1-118-15767-7}
}