@book{muller2019python,
  title        = {Python for Data Science For Dummies},
  author       = {John Paul Mueller and Luca Massaron},
  edition      = {2},
  year         = {2019},
  publisher    = {Wiley},
  isbn         = {9781119547624},
  url          = {https://www.oreilly.com/library/view/python-for-data/9781119547624/}
}

@book{driscoll2018jupyter,
  title        = {Jupyter Notebook 101},
  author       = {Michael Driscoll},
  year         = {2018},
  publisher    = {Mouse Vs Python Press},
  isbn         = {9780996062888},
  url          = {https://www.amazon.com/Jupyter-Notebook-101-Michael-Driscoll/dp/0996062882}
}

@book{huff2016learning,
  title        = {Learning Jupyter},
  author       = {Dan Toomey},
  year         = {2016},
  publisher    = {Packt Publishing},
  isbn         = {9781785884870},
  url          = {https://www.oreilly.com/library/view/learning-jupyter/9781785884870/}
}

@book{driscoll2020jupyterlab,
  title        = {JupyterLab 101},
  author       = {Michael Driscoll},
  year         = {2020},
  publisher    = {Leanpub},
  url          = {https://leanpub.com/jupyterlab101}
}

@book{vanderplas2016python,
  title        = {Python Data Science Handbook},
  author       = {Jake VanderPlas},
  year         = {2016},
  publisher    = {O'Reilly Media},
  isbn         = {9781491912058},
  url          = {https://github.com/jakevdp/PythonDataScienceHandbook}
}

@book{howard2020deep,
  title        = {Deep Learning for Coders with fastai and PyTorch: AI Applications Without a PhD},
  author       = {Jeremy Howard and Sylvain Gugger},
  year         = {2020},
  publisher    = {O'Reilly Media},
  isbn         = {9781492045526},
  url          = {https://course.fast.ai/Resources/book.html}
}

@book{zhang2021dive,
  title        = {Dive into Deep Learning},
  author       = {Aston Zhang and Zachary C. Lipton and Mu Li and Alexander J. Smola},
  year         = {2021},
  publisher    = {MIT Press},
  note         = {Open-source textbook with Jupyter notebooks},
  url          = {https://d2l.ai}
}
